@book{Hopcroft,  
    author = "John E. Hopcroft and Jeffrey D. Ulllman",  
    title = "Introduction to Automata Theory, Languages, and Computation",  
    publisher = "Addison-Wesley Publishing Company",
    year = 1979,
}
