@misc{Kozen,
    author = "Dexter Kozen",
    title = "Reductions and NP-Completeness",
    howpublished = {http://www.cs.cornell.edu/courses/CS6820/2012sp/Handouts/111-137.pdf}
}
